%Export citations from http://dblp.uni-trier.de/
%If websites do not have a author, set the title as author.
@webpage{projectgithub,
	Author = {Bhakti Prabhu and Stephan Frederik Werner Brandasu},
	Date-Modified = {2023-05-05},
	Title = {DAT500 Project 23V},
	Url = {https://github.com/sbthepotato/DAT500-Project-23V},
	Year = {2023}
}

@webpage{dataset,
	Author = {United States Department of Transportation Statistics},
	Url = {https://www.transtats.bts.gov/Tables.asp},
}

@webpage{hadoop,
	Author = {Apache Hadoop 3.2.1},
	Url = {https://hadoop.apache.org/docs/r3.2.1/hadoop-mapreduce-client/hadoop-mapreduce-client-core/MapReduceTutorial.html},
}

@webpage{spark,
	Author = {Apache Spark 3.2.4},
	Url = {https://spark.apache.org/docs/3.2.4/sql-performance-tuning.html}
}

@article{tuning,
    author =       "Sergii Minukhin and Maksym Novikov and Natalia
Brynza and  Dmytro Sitnikov",
    title =        "{Experimental research of optimizing the Apache Spark
tuning: RDD vs Data Frames}",
    journal =      "CEUR-WS",
    volume =       "2608",
    number =       "31",
    year =         "2020",
    DOI =          "https://ceur-ws.org/Vol-2608/paper31.pdf"
}

